@online{OnlineRef1,
  author = {Smith, Arthur},
  title = {A very important Online Study},
  year = N/A,
  url = {\url{AVeryReliableBlog.com}},
  urldate = {2022-08-15}
}

@article{ArticleRef, 
 title={A well Researched paper to cite}, 
 journal={Journal which may or may not be real}, 
 author={Author, Autherson}, 
 year={2022},
 month={8}
 } 
